@article{stein,
  title={Borsuk's antipodal theorem and its generalizations and applications: A survey, M{\'e}thodes topologiques en analyse non lin{\'e}aire},
  author={Steinlein, Heinrich},
  journal={Sem. Math. Sup.},
  volume={95},
  pages={166--235},
  year={1985},
  publisher={Presses Univ. Montreal}
}

@book{topcombi,
  title={Using the Borsuk-Ulam theorem: lectures on topological methods in combinatorics and geometry},
  author={Matou{\v{s}}ek, Ji{\v{r}}{\'\i} and Bj{\"o}rner, Anders and Ziegler, G{\"u}nter M and others},
  year={2003},
  publisher={Springer}
}