@book{topcombi,
  title={Using the Borsuk-Ulam theorem: lectures on topological methods in combinatorics and geometry},
  author={Matou{\v{s}}ek, Ji{\v{r}}{\'\i} and Bj{\"o}rner, Anders and Ziegler, G{\"u}nter M and others},
  year={2003},
  publisher={Springer}
}